@thesis{adam_thesis_2024,
  author       = {Adam},
  title        = {Exploring Data Visualization in Education},
  type         = {Master’s Thesis},
  institution  = {West Chester University},
  year         = {2024},
  note         = {Committee Member: Md Amiruzzaman},
}

@thesis{bella_thesis_2025,
  author       = {Bella},
  title        = {AI-Based Learning Analytics Framework},
  type         = {Master’s Thesis},
  institution  = {West Chester University},
  year         = {2025},
  note         = {Committee Chair: Md Amiruzzaman},
}
