@incollection{amiruzzaman2010concurrent,
  title={Concurrent covert communication channels},
  author={Amiruzzaman, Md and Peyravi, Hassan and Abdullah-Al-Wadud, Mohammad and Chung, Yoojin},
  booktitle={Advances in Computer Science and Information Technology},
  pages={203--213},
  year={2010},
  publisher={Springer}
}
@inproceedings{amiruzzaman2010analysis,
  title={An Analysis of Syndrome Coding},
  author={Amiruzzaman, Md and Abdullah-Al-Wadud, Mohammad and Chung, Yoojin},
  booktitle={International Conference on Information Security and Assurance},
  pages={37--50},
  year={2010},
  organization={Springer}
}
@inproceedings{amiruzzaman2009improved,
  title={An Improved Steganography Covert Channel},
  author={Amiruzzaman, Md and Peyravi, Hassan and Abdullah-Al-Wadud, Mohammad and Chung, Yoojin},
  booktitle={International Conference on Advanced Software Engineering and Its Applications},
  pages={176--187},
  year={2009},
  organization={Springer}
}
