@book{kernighan1988c,
  author    = {Brian W. Kernighan and Dennis M. Ritchie},
  title     = {The C Programming Language},
  year      = {1988},
  publisher = {Prentice Hall},
  edition   = {2nd}
}

@book{prata2004c,
  author    = {Stephen Prata},
  title     = {C Primer Plus},
  year      = {2004},
  publisher = {Sams Publishing},
  edition   = {5th}
}

@book{knuth1973art,
  author    = {Donald E. Knuth},
  title     = {The Art of Computer Programming, Volume 1: Fundamental Algorithms},
  year      = {1973},
  publisher = {Addison-Wesley}
}
