@INPROCEEDINGS{1307869,

  author={Hossain, N. and Alma, M.G.R. and Amiruzzaman, M. and Quadir, S.M.M.},

  booktitle={Proceedings. 2004 International Conference on Information and Communication Technologies: From Theory to Applications, 2004.}, 

  title={An efficient merge sort technique that reduces both times and comparisons}, 

  year={2004},

  volume={},

  number={},

  pages={537-538},

  doi={10.1109/ICTTA.2004.1307869}}
